<record><leader>00000cas a22000007a 4500</leader><controlfield tag="001">11269394</controlfield><controlfield tag="008">841016d18751891iauwr ne      0    0eng d</controlfield><datafield ind1=" " ind2=" " tag="010"><subfield code="a">sn 84038325 </subfield></datafield><datafield ind1=" " ind2=" " tag="040"><subfield code="a">NPX</subfield><subfield code="b">eng</subfield><subfield code="c">NPX</subfield><subfield code="d">INP</subfield><subfield code="d">OCLCQ</subfield></datafield><datafield ind1=" " ind2=" " tag="042"><subfield code="a">msc</subfield></datafield><datafield ind1="0" ind2=" " tag="130"><subfield code="a">Marshall statesman (Marshalltown, Iowa)</subfield></datafield><datafield ind1="1" ind2="4" tag="245"><subfield code="a">The Marshall statesman.</subfield></datafield><datafield ind1="3" ind2="0" tag="246"><subfield code="a">Statesman</subfield></datafield><datafield ind1=" " ind2=" " tag="260"><subfield code="a">Marshalltown, Iowa :</subfield><subfield code="b">S.U. Mitchell &amp; Chas. J. Burkart,</subfield><subfield code="c">1875-1891.</subfield></datafield><datafield ind1=" " ind2=" " tag="300"><subfield code="a">16 v. :</subfield><subfield code="b">ill. ;</subfield><subfield code="c">54-59 cm.</subfield></datafield><datafield ind1=" " ind2=" " tag="310"><subfield code="a">Weekly</subfield></datafield><datafield ind1="0" ind2=" " tag="362"><subfield code="a">Vol. 1, no. 1 (July 31, 1875)-v. 16, no. 35 (Mar. 13, 1891).</subfield></datafield><datafield ind1=" " ind2=" " tag="500"><subfield code="a">Publishers: Cook Sanford &amp; Chas. J. Burkart, June 24, 1876-Nov. 1, 1879; Byron Webster, Nov. 8, 1879-&lt;Aug. 7, 1880&gt;; Webster &amp; Burkart, Aug. 4, 1880-&lt;July 18, 1890&gt;.</subfield></datafield><datafield ind1=" " ind2=" " tag="500"><subfield code="a">"Only democratic paper in the county."</subfield></datafield><datafield ind1=" " ind2=" " tag="500"><subfield code="a">Editors: Mitchell &amp; Burkart, 1875-June 17, 1876; Sanford &amp; Burkart, June 24, 1876-Nov. 1, 1879; Byron Webster, Nov. 8, 1879-&lt;July 18, 1890&gt;.</subfield></datafield><datafield ind1=" " ind2=" " tag="752"><subfield code="a">United States</subfield><subfield code="b">Iowa</subfield><subfield code="c">Marshall</subfield><subfield code="d">Marshalltown.</subfield></datafield><datafield ind1="0" ind2="0" tag="785"><subfield code="t">Statesman (Marshalltown, Iowa)</subfield><subfield code="w">(DLC)sn 85050827</subfield></datafield><datafield ind1="1" ind2=" " tag="029"><subfield code="a">AU@</subfield><subfield code="b">000025820673</subfield></datafield></record>